<record xmlns="http://www.loc.gov/MARC21/slim" xmlns:xsi="http://www.w3.org/2001/XMLSchema-instance" xsi:schemaLocation="http://www.loc.gov/MARC21/slim http://www.loc.gov/standards/marcxml/schema/MARC21slim.xsd"><leader>     nam a22        4500</leader><controlfield tag="001">3068129</controlfield><controlfield tag="003">NNC</controlfield><controlfield tag="006">m        d        </controlfield><controlfield tag="007">cr cn |||m|||a</controlfield><controlfield tag="008">150316s1880    xx      o     000 0 ara d</controlfield><datafield ind1=" " ind2=" " tag="040"><subfield code="a">NNU</subfield><subfield code="b">eng</subfield><subfield code="e">rda</subfield><subfield code="c">NNU</subfield></datafield><datafield ind1=" " ind2="4" tag="050"><subfield code="a">PJ7745</subfield><subfield code="b">.A12 A17 1880</subfield></datafield><datafield ind1="0" ind2=" " tag="100"><subfield code="a">&#699;Abba&#772;s ibn al-Ah&#803;naf,</subfield><subfield code="d">approximately 750-approximately 808.</subfield></datafield><datafield ind1="1" ind2="0" tag="245"><subfield code="a">Di&#772;wa&#772;n.</subfield></datafield><datafield ind1=" " ind2=" " tag="260"><subfield code="c">1880.</subfield></datafield><datafield ind1=" " ind2=" " tag="300"><subfield code="a">online resource (224 pages)</subfield></datafield><datafield ind1=" " ind2=" " tag="336"><subfield code="a">text</subfield><subfield code="2">rdacontent</subfield></datafield><datafield ind1=" " ind2=" " tag="337"><subfield code="a">computer</subfield><subfield code="2">rdamedia</subfield></datafield><datafield ind1=" " ind2=" " tag="338"><subfield code="a">online resource</subfield><subfield code="2">rdacarrier</subfield></datafield><datafield ind1=" " ind2=" " tag="500"><subfield code="a">In Arabic.</subfield></datafield><datafield ind1=" " ind2=" " tag="500"><subfield code="a">Part of the Arabic Collections Online (ACO) project, contributed by Columbia University Libraries.</subfield></datafield><datafield ind1=" " ind2=" " tag="533"><subfield code="a">Electronic reproduction.</subfield><subfield code="b">New York, N.Y. :</subfield><subfield code="c">New York University,</subfield><subfield code="d">2015.</subfield><subfield code="5">NNU</subfield></datafield><datafield ind1="1" ind2="0" tag="600"><subfield code="a">Ibn Mat&#803;ru&#772;h&#803;, Yah&#803;ya&#769; ibn &#699;I&#772;sa&#769;,</subfield><subfield code="d">1196-1251.</subfield></datafield><datafield ind1="1" ind2="7" tag="600"><subfield code="a">Ibn Mat&#803;ru&#772;h&#803;, Yah&#803;ya&#769; ibn &#699;I&#772;sa&#769;,</subfield><subfield code="d">1196-1251.</subfield><subfield code="2">fast</subfield><subfield code="0">(OCoLC)fst00283524</subfield></datafield><datafield ind1="2" ind2=" " tag="710"><subfield code="a">Columbia University.</subfield><subfield code="b">Libraries.</subfield></datafield><datafield ind1="0" ind2=" " tag="730"><subfield code="a">Arabic Collections Online.</subfield></datafield><datafield ind1="0" ind2="8" tag="776"><subfield code="i">Online version:</subfield><subfield code="a">&#699;Abba&#772;s ibn al-Ah&#803;naf, ca. 750-ca. 808.</subfield><subfield code="t">Di&#772;wa&#772;n Abi&#772; al-Fad&#803;l.</subfield><subfield code="d">[1880/81]</subfield><subfield code="w">(OCoLC)654719772</subfield></datafield><datafield ind1="0" ind2="8" tag="776"><subfield code="i">Print version:</subfield><subfield code="a">&#699;Abba&#772;s ibn al-Ah&#803;naf, approximately 750-approximately 808.</subfield><subfield code="t">Di&#772;wa&#772;n</subfield><subfield code="w">(NNC)3068129</subfield><subfield code="w">(OCoLC)249738979</subfield></datafield><datafield ind1="4" ind2="0" tag="856"><subfield code="u">http://hdl.handle.net/2333.1/ht76hh34</subfield></datafield><datafield ind1=" " ind2=" " tag="959"><subfield code="a">NNU</subfield><subfield code="b">WEB</subfield><subfield code="c">GENI</subfield><subfield code="t">0</subfield><subfield code="m">Electronic access</subfield><subfield code="s">01</subfield></datafield><datafield ind1=" " ind2=" " tag="999"><subfield code="i">NNC_3068129</subfield><subfield code="o">(OCoLC)ocn249738979</subfield><subfield code="s">columbia_aco000362</subfield><subfield code="e">(ERROR-880)</subfield></datafield></record>